<?xml version="1.0" encoding="UTF-8"?><collection xmlns="http://www.loc.gov/MARC21/slim"><record><leader>00468nam--2200133-i-4500</leader><controlfield tag="001">000029468</controlfield><controlfield tag="002">20161230</controlfield><controlfield tag="005">20161230201037</controlfield><controlfield tag="008">060222s1000------------r-----000-0-eng-d</controlfield><datafield ind1=" " ind2=" " tag="100"><subfield code="a">Millman, Jacob And Taub Herbert</subfield></datafield><datafield ind1=" " ind2=" " tag="245"><subfield code="a">Pule, digital and switching waveforms. devices and circuits for their generation and procesings</subfield></datafield><datafield ind1=" " ind2=" " tag="260"><subfield code="a">New York, Mcgraw-hill Book Co.,1965. Xiv + 958p</subfield></datafield><datafield ind1=" " ind2=" " tag="490"><subfield code="a">Mcgraw-hill Electrical And Electronic Engineering Series</subfield></datafield><datafield ind1=" " ind2=" " tag="852"><subfield code="a">22408</subfield></datafield></record></collection>